@Book{Patterns,
    author = {Day, John},
    title = {Patterns in Network Architecture: A Return to Fundamentals},
    publisher = {Prentice Hall Pearson Education distributor},
    year = {2008},
}

@misc{rfc1498,
  author="J. Saltzer",
  title="{On the Naming and Binding of Network Destinations}",
  series="Request for Comments",
  number="1498",
  howpublished="RFC 1498 (Informational)",
  publisher="IETF",
  organization="Internet Engineering Task Force",
  year=1993,
  month=aug,
    url="http://www.ietf.org/rfc/rfc1498.txt",
}

@article{internet_demo,
  title={IS THE INTERNET AN UNFINISHED DEMO? MEET RINA!},
  author={Trouva, Eleni and Grasa, Eduard and Day, John and Matta, Ibrahim and Chitkushev, Lubomir T and Phelan, Patrick and de Leon, Miguel Ponce and Bunch, Steve},
  year={2010}
}

@misc{bgpgrow,
  title = {{BGP Routing Table Analysis Reports}},
  howpublished = "\url{http://bgp.potaroo.net/}",
  note = "[Online; accessed 01-April-2015]"
}


@misc{ipv6stats,
  title = {{IPv6 Adoption}},
  howpublished = "\url{https://www.google.com/intl/en/ipv6/statistics.html}",
  note = "[Online; accessed 01-April-2015]"
}

@misc{ndn_platform,
  title = {{NDN Platform}},
  howpublished = "\url{http://named-data.net/codebase/platform/}",
  note = "[Online; accessed 01-April-2015]"
}

@misc{ndn_sim,
  title = {{ndnSIM 2.0}},
  howpublished = "\url{http://ndnsim.net/2.0/}",
  note = "[Online; accessed 01-April-2015]"
}

@Book{x,
    author = ,
    title = ,
    publisher = ,
    year = ,
    address = ,
}